<?xml version="1.0" encoding="UTF-8"?>
<record xmlns="http://www.loc.gov/MARC21/slim">
  <leader>01147nam a2200277 a 4500</leader>
  <controlfield tag="001">3158969</controlfield>
  <controlfield tag="007">he amb---bbcp</controlfield>
  <controlfield tag="007">he bmb---baap</controlfield>
  <controlfield tag="008">820305s1898    quca    b     000 0 fre d</controlfield>
  <datafield tag="016" ind1=" " ind2=" ">
    <subfield code="a"> 826073808</subfield>
  </datafield>
  <datafield tag="020" ind1=" " ind2=" ">
    <subfield code="a">0665117221</subfield>
  </datafield>
  <datafield tag="040" ind1=" " ind2=" ">
    <subfield code="a">CaOOCIHM</subfield>
    <subfield code="b">fre</subfield>
    <subfield code="d">AEU</subfield>
  </datafield>
  <datafield tag="041" ind1="1" ind2=" ">
    <subfield code="a">freeng</subfield>
  </datafield>
  <datafield tag="082" ind1="0" ind2=" ">
    <subfield code="a">C843.4</subfield>
    <subfield code="2">19</subfield>
  </datafield>
  <datafield tag="090" ind1=" " ind2=" ">
    <subfield code="a">FC 02 0203 no. 11722</subfield>
    <subfield code="b">AEU</subfield>
  </datafield>
  <datafield tag="100" ind1="1" ind2=" ">
    <subfield code="a">Parker, Gilbert,</subfield>
    <subfield code="d">1862-1932</subfield>
  </datafield>
  <datafield tag="245" ind1="1" ind2="0">
    <subfield code="a">Femme, ou sabre (The trail of the sword)</subfield>
    <subfield code="h">[microforme] /</subfield>
    <subfield code="c">par Gilbert Parker ; traduit de l&apos;anglais par N. LeVasseur.</subfield>
  </datafield>
  <datafield tag="260" ind1=" " ind2=" ">
    <subfield code="a">[Quebec? :</subfield>
    <subfield code="b">s.n.],</subfield>
    <subfield code="c">1898</subfield>
    <subfield code="e">(Quebec :</subfield>
    <subfield code="f">F. Carrel)</subfield>
  </datafield>
  <datafield tag="300" ind1=" " ind2=" ">
    <subfield code="a">4 microfiches (165 images) :</subfield>
    <subfield code="b">ill.</subfield>
  </datafield>
  <datafield tag="490" ind1="1" ind2=" ">
    <subfield code="a">CIHM/ICMH Microfiche series = CIHM/ICMH collection de microfiches ;</subfield>
    <subfield code="v">no. 11722</subfield>
  </datafield>
  <datafield tag="533" ind1=" " ind2=" ">
    <subfield code="a">Microfiche de l&apos;exemplaire de l&apos;édition originale se trouvant à la Bibliothèque Morisset, Université d&apos;Ottawa.</subfield>
    <subfield code="b">Ottawa :</subfield>
    <subfield code="c">Institut canadien de microreproductions historiques,</subfield>
    <subfield code="d">1981.</subfield>
  </datafield>
  <datafield tag="534" ind1=" " ind2=" ">
    <subfield code="e">viii, 289 p. : ill. ; 19 cm.</subfield>
  </datafield>
  <datafield tag="830" ind1=" " ind2="0">
    <subfield code="a">CIHM/ICMH microfiche series ;</subfield>
    <subfield code="v">no. 11722</subfield>
  </datafield>
  <datafield tag="949" ind1=" " ind2=" ">
    <subfield code="h">UAHS-MF</subfield>
    <subfield code="z">CIHMMPRE</subfield>
  </datafield>
  <datafield tag="596" ind1=" " ind2=" ">
    <subfield code="a">43</subfield>
  </datafield>
  <datafield tag="926" ind1=" " ind2=" ">
    <subfield code="a">UAHSS</subfield>
    <subfield code="b">MICROFICHE</subfield>
    <subfield code="c">FC 02 0203 no. 11722</subfield>
    <subfield code="d">MICROFORM</subfield>
    <subfield code="f">1</subfield>
  </datafield>
</record>
